@Misc{eit,
    author = "",
    title = "Experts in Teamwork",
    howpublished = {ntnu.edu},
    url  = {https://www.ntnu.edu/eit},
    note = {(accessed: 11.04.2018)},
}

@Misc{eitQA,
    author = "",
    title = "What is Experts in Teamwork - questions and answers",
    howpublished = {ntnu.edu},
    url  = {https://www.ntnu.edu/web/eit/what-is-eit},
    note = "(accessed: 11.04.2018)",
}

@BOOK{gameBook,
AUTHOR     = {Gray, D., Brown, S., Macanufo, J.}, 
TITLE          = "{Gamestorming: A playbook for innovators, rulebreakers, and changemakers.}",
PUBLISHER = { O'Reilly Media, Inc.},
YEAR          = {2010},
}

@Misc{unity_audio_source_api,
  Title = {Unity API - AudioSource.PlayScheduled},
  Author = {},
  howpublished = {docs.unity3d.com},
  url = {https://docs.unity3d.com/ScriptReference/AudioSource.PlayScheduled.html},
  note = {(accessed: 03.05.2018)}
}

@misc{critical_path_coding,
    author = "Claire Blackshaw", 
    year = {2017},
    howpublished = {Konsoll 2017},
    url =  {https://www.youtube.com/watch?v=3XKUp8z7hjQ},
    title = {Critical Path Coding},
    note = {(accessed: 04.05.2018)},
}

@book{game_programming_patterns,
    author = {Robert Nystrom},
    title = {Game Programming Patterns},
    publisher = {Genever Benning},
    year = {2014},
}